@book{sackson1991book,
  title={The book of classic board games},
  author={Sackson, Sid},
  year={1991},
  publisher={Klutz Press}
}

@article{conley2013does,
  title={How does he saw me? A recommendation engine for picking heroes in Dota 2},
  author={Conley, Kevin and Perry, Daniel},
  journal={Np, nd Web},
  volume={7},
  year={2013}
}

@article{teodoropg3235,
  title={Predição de Partidas de DotA2},
  author={Teodoro Balbino Calvo},
  page ={32--35},
  year={2017}
}
