@article{nelder1972generalized,
  title={Generalized linear models},
  author={Nelder, John Ashworth and Wedderburn, Robert WM},
  journal={Journal of the Royal Statistical Society: Series A (General)},
  volume={135},
  number={3},
  pages={370--384},
  year={1972},
  publisher={Wiley Online Library}
}

@book{huizinga1971homopg6,
  title={Homo ludens: o jogo como elemento da cultura},
  author={Huizinga, Johan},
  volume={4},
  page={6},
  year={1971},
  publisher={Editora da Universidade de S. Paulo, Editora Perspectiva}
}

@book{bernstein1997desafio,
  title={Desafio aos deuses: a fascinante hist{\'o}ria do risco},
  author={Bernstein, Peter L},
  year={1997},
  publisher={Gulf Professional Publishing}
}

@misc{newzoo2018global,
  author={Newzoo, Newzoo},
  year={2018},
  publisher={Newzoo}
}

@book{sackson1991book,
  title={The book of classic board games},
  author={Sackson, Sid},
  year={1991},
  publisher={Klutz Press}
}

@article{silva2017moba,
  title={MOBA: a New Arena for Game AI},
  author={Silva, Victor do Nascimento and Chaimowicz, Luiz},
  journal={arXiv preprint arXiv:1705.10443},
  year={2017}
}

@Manual{rcoreteam,
    title = {R: A Language and Environment for Statistical Computing},
    author = {{R Core Team}},
    organization = {R Foundation for Statistical Computing},
    address = {Vienna, Austria},
    year = {2018},
    url = {https://www.R-project.org/}
}

